@article{Wang2010,
	author = {Wang, Yang and Boyd, Stephen},
	journal = {IEEE Transactions on Control Systems Technology}, 
	title = {Fast Model Predictive Control Using Online Optimization}, 
	year = {2010},
	volume = {18},
	number = {2},
	pages = {267-278},
	doi = {10.1109/TCST.2009.2017934}}

@inproceedings{Domahidi2012,
	author = {Domahidi, Alexander and Zgraggen, Aldo U. and Zeilinger, Melanie N. and Morari, Manfred and Jones, Colin N.},
	booktitle = {2012 IEEE 51st IEEE Conference on Decision and Control (CDC)}, 
	title = {Efficient interior point methods for multistage problems arising in receding horizon control}, 
	year = {2012},
	volume = {},
	number = {},
	pages = {668-674},
	doi = {10.1109/CDC.2012.6426855}}

@article{Frison2018,
	author = {Frison, Gianluca and Kouzoupis, Dimitris and Sartor, Tommaso and Zanelli, Andrea and Diehl, Moritz},
	title = {BLASFEO: Basic Linear Algebra Subroutines for Embedded Optimization},
	year = {2018},
	issue_date = {August 2018},
	publisher = {Association for Computing Machinery},
	address = {New York, NY, USA},
	volume = {44},
	number = {4},
	issn = {0098-3500},
	doi = {10.1145/3210754},
	journal = {ACM Trans. Math. Softw.},
	month = {July},
	articleno = {42},
	numpages = {30},
	keywords = {matrix, libraries, high-performance, Linear algebra, BLAS}
}

@article{Frison2020,
	title = {HPIPM: a high-performance quadratic programming framework for model predictive control},
	journal = {IFAC-PapersOnLine},
	volume = {53},
	number = {2},
	pages = {6563-6569},
	year = {2020},
	note = {21th IFAC World Congress},
	issn = {2405-8963},
	doi = {https://doi.org/10.1016/j.ifacol.2020.12.073},
	author = {Gianluca Frison and Moritz Diehl},
	keywords = {quadratic programming, model predictive control, embedded optimization, software}
}